@book{geometric_numeric,
	place={Beijing Shi},
	title={Geometric numerical integration: structure-preserving algorithms for ordinary differential equations = Ji he shu zhi ji fen},
	publisher={Shi jie tu shu chu ban gong si},
	author={Hairer, E. and Lubich, Christian and Wanner, Gerhard},
	year={2017}
}

@book{holmes_2018,
	place={Cham},
	title={Introduction to Scientific Computing and Data Analysis},
	publisher={Springer International Publishing},
	author={Holmes, Mark H.},
	year={2018}
}
@book{taylor_2005,
	place={Sausalito, CA},
	title={Classical mechanics},
	publisher={Univ. Science Books},
	author={Taylor, John R.},
	year={2005}
}

@article{DEAP,
    author    = " F\'elix-Antoine Fortin and Fran\c{c}ois-Michel {De Rainville} and Marc-Andr\'e Gardner and Marc Parizeau and Christian Gagn\'e ",
    title     = { {DEAP}: Evolutionary Algorithms Made Easy },
    pages     = { 2171--2175 },
    volume    = { 13 },
    month     = { jul },
    year      = { 2012 },
    journal   = { Journal of Machine Learning Research }
}
